@INPROCEEDINGS{streaming,
author={J. Peltotalo and J. Harju and A. Jantunen and M. Saukko and L. Vatamoinen and I. Curcio and I. Bouazizi and M. Hannuksela},
booktitle={Networking, 2008. ICN 2008. Seventh International Conference on},
title={Peer-to-Peer Streaming Technology Survey},
year={2008},
pages={342-350},
keywords={media streaming;peer-to-peer computing;ADSL;EDGE;HSDPA;Internet;LAN;Octoshape;SopCast;TVAnts;TVU networks;UMTS;large-scale live media streaming systems;mobile network environment;mobile usage;network connections;peer-to-peer streaming technology;IP networks;Network servers;Peer to peer computing;Radio broadcasting;Streaming media;TV broadcasting;Telecommunication traffic;Testing;Unicast;Web server;Peer-to-peer;Streaming;Survey},
doi={10.1109/ICN.2008.86},
month={April},}

@ARTICLE{overlay,
author={Eng Keong Lua and J. Crowcroft and M. Pias and R. Sharma and S. Lim},
journal={IEEE Communications Surveys Tutorials},
title={A survey and comparison of peer-to-peer overlay network schemes},
year={2005},
volume={7},
number={2},
pages={72-93},
keywords={Centralized control;Communication system security;Delay;IP networks;Information retrieval;Peer to peer computing;Resource management;Robustness;Routing;Scalability},
doi={10.1109/COMST.2005.1610546},
ISSN={1553-877X},
month={Second},}

@manual{wiki-dht,
title = "Distributed hash table",
note = "\url{https://en.wikipedia.org/wiki/Distributed_hash_table}",
year = "(accessed April 3, 2016)",
}

@article{dht,
author = {Balakrishnan, Hari and Kaashoek, M. Frans and Karger, David and Morris, Robert and Stoica, Ion},
title = {Looking Up Data in P2P Systems},
journal = {Commun. ACM},
issue_date = {February 2003},
volume = {46},
number = {2},
month = feb,
year = {2003},
issn = {0001-0782},
pages = {43--48},
numpages = {6},
url = {http://doi.acm.org/10.1145/606272.606299},
doi = {10.1145/606272.606299},
acmid = {606299},
publisher = {ACM},
address = {New York, NY, USA},
}

@INPROCEEDINGS{dht-ietf,
author = "Eric Rescorla",
title = "Introduction to Distributed Hash Tables",
booktitle = "Proceedings Of The Sixty-Fifth Internet Engineering Task Force",
month = "March",
year = "2006",
}

@manual{wiki-p2p,
title = "Peer-to-peer",
note = "\url{https://en.wikipedia.org/wiki/Peer-to-peer}",
year = "(accessed April 5, 2016)"
}

@Article{resource,
author="Bandara, H. M. N. Dilum
and Jayasumana, Anura P.",
title="Collaborative applications over peer-to-peer systems--challenges and solutions",
journal="Peer-to-Peer Networking and Applications",
year="2012",
volume="6",
number="3",
pages="257--276",
issn="1936-6450",
doi="10.1007/s12083-012-0157-3",
url="http://dx.doi.org/10.1007/s12083-012-0157-3"
}

@INPROCEEDINGS{resource-mobile,
author={Z. Xin-Xin and Z. Zhen-Wan and K. Peng and S. Ren-Jie},
booktitle={Communication Systems and Network Technologies (CSNT), 2015 Fifth International Conference on},
title={A Survey of Resource Discovery in Mobile Peer-to-Peer Networks},
year={2015},
pages={122-125},
keywords={mobile radio;peer-to-peer computing;mobile P2P system;mobile peer-to-peer networks;resource discovery;Algorithm design and analysis;Conferences;Mobile communication;Mobile computing;Peer-to-peer computing;Social network services;Wireless communication;Mobile P2P networks;Resource Discovery;mobile P2P networks;survey},
doi={10.1109/CSNT.2015.203},
month={April},}

@manual{wiki-f2f,
title = "Friend-to-friend",
note = "\url{https://en.wikipedia.org/wiki/Friend-to-friend}",
year = "(accessed April 5, 2016)"
}

@inproceedings{small-world,
author = {Sandberg, Oskar},
title = {Distributed Routing in Small-world Networks},
booktitle = {Proceedings of the Meeting on Algorithm Engineering \& Expermiments},
year = {2006},
location = {Miami, Florida},
pages = {144--155},
numpages = {12},
url = {http://dl.acm.org/citation.cfm?id=2791171.2791185},
acmid = {2791185},
publisher = {Society for Industrial and Applied Mathematics},
address = {Philadelphia, PA, USA},
}

@INPROCEEDINGS{f2f-avail,
author={X. Z. Jeremy Blackburn and N. Kourtellis and J. Skvoretz and A. Iamnitchi},
booktitle={Peer-to-Peer Computing (P2P), 14-th IEEE International Conference on},
title={The power of indirect ties in friend-to-friend storage systems},
year={2014},
pages={1-5},
doi={10.1109/P2P.2014.6934314},
month={Sept},}

@INPROCEEDINGS{f2f-storage,
author={R. Sharma and A. Datta and M. DeH'Amico and P. Michiardi},
booktitle={Peer-to-Peer Computing (P2P), 2011 IEEE International Conference on},
title={An empirical study of availability in friend-to-friend storage systems},
year={2011},
pages={348-351},
doi={10.1109/P2P.2011.6038754},
ISSN={2161-3559},
month={Aug},}
